% Encoding: UTF-8

@Misc{arduino2015,
  author   = {Arduino},
  title    = {Arduino Software (IDE)},
  year     = {2015},
  keywords = {Arduino},
  url      = {https://www.arduino.cc/en/Guide/Environment},
}

@Misc{Boris2014,
  author       = {Boris Landoni},
  title        = {Raspberry Pi and the Camera Pi module: face recognition tutorial},
  howpublished = {OPENELECTRONICS},
  month        = oct,
  year         = {2014},
  url          = {https://www.open-electronics.org/raspberry-pi-and-the-camera-pi-module-face-recognition-tutorial/},
}

@Article{Riddhi2013,
  author  = {Riddhi Patel, Shruti B. Yagnik},
  title   = {A Literature Survey on Face Recognition Techniques},
  journal = {International Journal of Computer Trends and Technology},
  year    = {2013},
  volume  = {5},
  pages   = {189},
  month   = nov,
}

@Comment{jabref-meta: databaseType:bibtex;}
